<record>
    <leader> cx j22 3 45 </leader>
    <controlfield tag="001">02787088X</controlfield>
    <controlfield tag="003">http://www.idref.fr/02787088X</controlfield>
    <controlfield tag="004">19850708</controlfield>
    <controlfield tag="005">20180925045658.000</controlfield>
    <controlfield tag="006">0004</controlfield>
    <controlfield tag="007">1999</controlfield>
    <controlfield tag="008">Td8</controlfield>
    <datafield tag="033" ind1=" " ind2=" ">
        <subfield code="a">http://catalogue.bnf.fr/ark:/12148/cb119820062</subfield>
        <subfield code="2">BNF</subfield>
        <subfield code="d">20160115</subfield>
    </datafield>
    <datafield tag="035" ind1=" " ind2=" ">
        <subfield code="a">frBN002201308</subfield>
    </datafield>
    <datafield tag="035" ind1=" " ind2=" ">
        <subfield code="a">FRBNF11982006X</subfield>
        <subfield code="z">FRBNF11982006</subfield>
    </datafield>
    <datafield tag="100" ind1=" " ind2=" ">
        <subfield code="a">19850708afrey50 ba0</subfield>
    </datafield>
    <datafield tag="106" ind1=" " ind2=" ">
        <subfield code="a">2</subfield>
        <subfield code="b">1</subfield>
        <subfield code="c">1</subfield>
    </datafield>
    <datafield tag="152" ind1=" " ind2=" ">
        <subfield code="b">rameau</subfield>
    </datafield>
    <datafield tag="250" ind1=" " ind2=" ">
        <subfield code="7">ba0yba0y</subfield>
        <subfield code="9">#</subfield>
        <subfield code="a">Informatique</subfield>
        <subfield code="x">Personnel</subfield>
    </datafield>
    <datafield tag="450" ind1=" " ind2=" ">
        <subfield code="7">ba0yba0y</subfield>
        <subfield code="9">#</subfield>
        <subfield code="a">Personnel de l'informatique</subfield>
    </datafield>
    <datafield tag="550" ind1=" " ind2=" ">
        <subfield code="3">220911487</subfield>
        <subfield code="5">h|xxx</subfield>
        <subfield code="7">ba0yba0y</subfield>
        <subfield code="a">Administrateurs systèmes (informatique)</subfield>
    </datafield>
    <datafield tag="550" ind1=" " ind2=" ">
        <subfield code="3">161314171</subfield>
        <subfield code="5">h|xxx</subfield>
        <subfield code="7">ba0yba0y</subfield>
        <subfield code="a">Animateurs de communautés virtuelles</subfield>
    </datafield>
    <datafield tag="550" ind1=" " ind2=" ">
        <subfield code="3">155754831</subfield>
        <subfield code="5">h|xxx</subfield>
        <subfield code="7">ba0yba0y</subfield>
        <subfield code="a">Contributeurs de sites Web</subfield>
    </datafield>
    <datafield tag="550" ind1=" " ind2=" ">
        <subfield code="3">027616789</subfield>
        <subfield code="5">h|xxx</subfield>
        <subfield code="7">ba0yba0y</subfield>
        <subfield code="a">Informaticiens</subfield>
    </datafield>
    <datafield tag="550" ind1=" " ind2=" ">
        <subfield code="3">027769690</subfield>
        <subfield code="5">h|xxx</subfield>
        <subfield code="7">ba0yba0y</subfield>
        <subfield code="a">Informaticiens-conseils</subfield>
    </datafield>
    <datafield tag="550" ind1=" " ind2=" ">
        <subfield code="3">02791741X</subfield>
        <subfield code="5">h|xxx</subfield>
        <subfield code="7">ba0yba0y</subfield>
        <subfield code="a">Programmeurs</subfield>
    </datafield>
    <datafield tag="550" ind1=" " ind2=" ">
        <subfield code="3">055835120</subfield>
        <subfield code="5">h|xxx</subfield>
        <subfield code="7">ba0yba0y</subfield>
        <subfield code="a">Webmestres</subfield>
    </datafield>
    <datafield tag="686" ind1=" " ind2=" ">
        <subfield code="a">621</subfield>
        <subfield code="c">Physique appliquée</subfield>
        <subfield code="2">Note de regroupement par domaine</subfield>
    </datafield>
    <datafield tag="686" ind1=" " ind2=" ">
        <subfield code="a">300</subfield>
        <subfield code="c">Sciences sociales</subfield>
        <subfield code="2">Note de regroupement par domaine</subfield>
    </datafield>
    <datafield tag="686" ind1=" " ind2=" ">
        <subfield code="a">330</subfield>
        <subfield code="c">Économie politique</subfield>
        <subfield code="2">Note de regroupement par domaine</subfield>
    </datafield>
    <datafield tag="801" ind1=" " ind2="0">
        <subfield code="a">FR</subfield>
        <subfield code="b">FR-751131015</subfield>
        <subfield code="c">20030905</subfield>
    </datafield>
    <datafield tag="801" ind1=" " ind2="3">
        <subfield code="a">FR</subfield>
        <subfield code="b">Abes</subfield>
        <subfield code="c">20180925</subfield>
        <subfield code="g">AFNOR</subfield>
    </datafield>
    <datafield tag="950" ind1=" " ind2=" ">
        <subfield code="a">Informatique -- Personnel</subfield>
    </datafield>
    <datafield tag="951" ind1=" " ind2=" ">
        <subfield code="a">Personnel de l'informatique</subfield>
    </datafield>
</record>